<record><leader>00000cas a2200000 a 4500</leader><controlfield tag="001">1780324</controlfield><controlfield tag="008">751101d18491858mauwr ne      0   a0eng d</controlfield><datafield ind1=" " ind2=" " tag="010"><subfield code="a">sn 88074829 </subfield></datafield><datafield ind1=" " ind2=" " tag="040"><subfield code="a">MUL</subfield><subfield code="b">eng</subfield><subfield code="c">MUL</subfield><subfield code="d">BTI</subfield><subfield code="d">PPM</subfield><subfield code="d">NYS</subfield><subfield code="d">NVH</subfield><subfield code="d">RHN</subfield><subfield code="d">MGN</subfield><subfield code="d">KNP</subfield><subfield code="d">NVJ</subfield><subfield code="d">NVK</subfield><subfield code="d">OCL</subfield><subfield code="d">DLC</subfield><subfield code="d">OCLCF</subfield><subfield code="d">OCLCO</subfield></datafield><datafield ind1=" " ind2=" " tag="042"><subfield code="a">msc</subfield></datafield><datafield ind1=" " ind2=" " tag="090"><subfield code="a">BX7101</subfield></datafield><datafield ind1="0" ind2="4" tag="245"><subfield code="a">The Puritan recorder.</subfield></datafield><datafield ind1=" " ind2=" " tag="260"><subfield code="a">Boston, Mass. :</subfield><subfield code="b">Woodbridge, Moore &amp; Co.,</subfield></datafield><datafield ind1=" " ind2=" " tag="300"><subfield code="a">v.</subfield></datafield><datafield ind1=" " ind2=" " tag="310"><subfield code="a">Weekly</subfield></datafield><datafield ind1="0" ind2=" " tag="362"><subfield code="a">Vol. 34, no. 20 (May 17, 1849)-v. 43, no. 19 (May 13, 1858).</subfield></datafield><datafield ind1=" " ind2=" " tag="515"><subfield code="a">Issues for May 17-Dec. 27, 1849 continue the numbering of both the Boston recorder with v. 34, no. 20-52 and of the New England puritan with v. 10, no. 20-52.</subfield></datafield><datafield ind1=" " ind2="0" tag="651"><subfield code="a">Boston (Mass.)</subfield><subfield code="v">Newspapers.</subfield></datafield><datafield ind1=" " ind2="7" tag="655"><subfield code="a">Newspapers.</subfield><subfield code="2">fast</subfield><subfield code="0">(OCoLC)fst01423814</subfield></datafield><datafield ind1=" " ind2="7" tag="651"><subfield code="a">Massachusetts</subfield><subfield code="z">Boston.</subfield><subfield code="2">fast</subfield><subfield code="0">(OCoLC)fst01205012</subfield></datafield><datafield ind1=" " ind2=" " tag="752"><subfield code="a">United States</subfield><subfield code="b">Massachusetts</subfield><subfield code="c">Suffolk</subfield><subfield code="d">Boston.</subfield></datafield><datafield ind1="0" ind2="4" tag="780"><subfield code="t">Boston recorder (Boston, Mass. : 1830)</subfield><subfield code="x">2157-1112</subfield><subfield code="w">(DLC)sn 86077095</subfield><subfield code="w">(OCoLC)1589279</subfield></datafield><datafield ind1="0" ind2="4" tag="780"><subfield code="t">New England Puritan</subfield><subfield code="w">(OCoLC)7792912</subfield><subfield code="w">(DLC)sn 92064169</subfield></datafield><datafield ind1="0" ind2="0" tag="785"><subfield code="t">Boston recorder (Boston, Mass. : 1858)</subfield><subfield code="w">(DLC)sn 86077198</subfield><subfield code="w">(OCoLC)7906953</subfield></datafield></record>